@String(PAMI = {IEEE Trans. Pattern Anal. Mach. Intell.})
@String(IJCV = {Int. J. Comput. Vis.})
@String(CVPR= {IEEE Conf. Comput. Vis. Pattern Recog.})
@String(ICCV= {Int. Conf. Comput. Vis.})
@String(ECCV= {Eur. Conf. Comput. Vis.})
@String(NIPS= {Adv. Neural Inform. Process. Syst.})
@String(ICPR = {Int. Conf. Pattern Recog.})
@String(BMVC= {Brit. Mach. Vis. Conf.})
@String(TOG= {ACM Trans. Graph.})
@String(TIP  = {IEEE Trans. Image Process.})
@String(TVCG  = {IEEE Trans. Vis. Comput. Graph.})
@String(TMM  = {IEEE Trans. Multimedia})
@String(ACMMM= {ACM Int. Conf. Multimedia})
@String(ICME = {Int. Conf. Multimedia and Expo})
@String(ICASSP=	{ICASSP})
@String(ICIP = {IEEE Int. Conf. Image Process.})
@String(ACCV  = {ACCV})
@String(ICLR = {Int. Conf. Learn. Represent.})
@String(IJCAI = {IJCAI})
@String(PR   = {Pattern Recognition})
@String(AAAI = {AAAI})
@String(CVPRW= {IEEE Conf. Comput. Vis. Pattern Recog. Worksh.})
@String(CSVT = {IEEE Trans. Circuit Syst. Video Technol.})

@String(SPL	= {IEEE Sign. Process. Letters})
@String(VR   = {Vis. Res.})
@String(JOV	 = {J. Vis.})
@String(TVC  = {The Vis. Comput.})
@String(JCST  = {J. Comput. Sci. Tech.})
@String(CGF  = {Comput. Graph. Forum})
@String(CVM = {Computational Visual Media})


@String(PAMI  = {IEEE TPAMI})
@String(IJCV  = {IJCV})
@String(CVPR  = {CVPR})
@String(ICCV  = {ICCV})
@String(ECCV  = {ECCV})
@String(NIPS  = {NeurIPS})
@String(ICPR  = {ICPR})
@String(BMVC  =	{BMVC})
@String(TOG   = {ACM TOG})
@String(TIP   = {IEEE TIP})
@String(TVCG  = {IEEE TVCG})
@String(TCSVT = {IEEE TCSVT})
@String(TMM   =	{IEEE TMM})
@String(ACMMM = {ACM MM})
@String(ICME  =	{ICME})
@String(ICASSP=	{ICASSP})
@String(ICIP  = {ICIP})
@String(ACCV  = {ACCV})
@String(ICLR  = {ICLR})
@String(IJCAI = {IJCAI})
@String(PR = {PR})
@String(AAAI = {AAAI})
@String(CVPRW= {CVPRW})
@String(CSVT = {IEEE TCSVT})

@InProceedings{prefix,
    author    = {Saito, Kuniaki and Sohn, Kihyuk and Zhang, Xiang and Li, Chun-Liang and Lee, Chen-Yu and Saenko, Kate and Pfister, Tomas},
    title     = {Prefix Conditioning Unifies Language and Label Supervision},
    booktitle = {Proceedings of the IEEE/CVF Conference on Computer Vision and Pattern Recognition (CVPR)},
    month     = {June},
    year      = {2023},
    pages     = {2861-2870}
}

@inproceedings{clip,
  author       = {Manling Li and
                  Ruochen Xu and
                  Shuohang Wang and
                  Luowei Zhou and
                  Xudong Lin and
                  Chenguang Zhu and
                  Michael Zeng and
                  Heng Ji and
                  Shih{-}Fu Chang},
  title        = {CLIP-Event: Connecting Text and Images with Event Structures},
  booktitle    = {{IEEE/CVF} Conference on Computer Vision and Pattern Recognition,
                  {CVPR} 2022, New Orleans, LA, USA, June 18-24, 2022},
  pages        = {16399--16408},
  publisher    = {{IEEE}},
  year         = {2022},
  url          = {https://doi.org/10.1109/CVPR52688.2022.01593},
  doi          = {10.1109/CVPR52688.2022.01593},
  timestamp    = {Wed, 23 Nov 2022 16:47:01 +0100},
  biburl       = {https://dblp.org/rec/conf/cvpr/LiXWZ0Z0JC22.bib},
  bibsource    = {dblp computer science bibliography, https://dblp.org}
}

@InProceedings{rcl,
    author    = {Kim, Sanghyun and Jung, Deunsol and Cho, Minsu},
    title     = {Relational Context Learning for Human-Object Interaction Detection},
    booktitle = {Proceedings of the IEEE/CVF Conference on Computer Vision and Pattern Recognition (CVPR)},
    month     = {June},
    year      = {2023},
    pages     = {2925-2934}
}

@inproceedings{uni,
  author       = {Jianwei Yang and
                  Chunyuan Li and
                  Pengchuan Zhang and
                  Bin Xiao and
                  Ce Liu and
                  Lu Yuan and
                  Jianfeng Gao},
  title        = {Unified Contrastive Learning in Image-Text-Label Space},
  booktitle    = {{IEEE/CVF} Conference on Computer Vision and Pattern Recognition,
                  {CVPR} 2022, New Orleans, LA, USA, June 18-24, 2022},
  pages        = {19141--19151},
  publisher    = {{IEEE}},
  year         = {2022},
  url          = {https://doi.org/10.1109/CVPR52688.2022.01857},
  doi          = {10.1109/CVPR52688.2022.01857},
  timestamp    = {Wed, 28 Dec 2022 08:04:46 +0100},
  biburl       = {https://dblp.org/rec/conf/cvpr/YangLZXLYG22.bib},
  bibsource    = {dblp computer science bibliography, https://dblp.org}
}

@InProceedings{Jinpeng,
    author    = {Wang, Jinpeng and Zhou, Pan and Shou, Mike Zheng and Yan, Shuicheng},
    title     = {Position-Guided Text Prompt for Vision-Language Pre-Training},
    booktitle = {Proceedings of the IEEE/CVF Conference on Computer Vision and Pattern Recognition (CVPR)},
    month     = {June},
    year      = {2023},
    pages     = {23242-23251}
}

@article{resnet,
  author       = {Kaiming He and
                  Xiangyu Zhang and
                  Shaoqing Ren and
                  Jian Sun},
  title        = {Deep Residual Learning for Image Recognition},
  journal      = {CoRR},
  volume       = {abs/1512.03385},
  year         = {2015},
  url          = {http://arxiv.org/abs/1512.03385},
  eprinttype    = {arXiv},
  eprint       = {1512.03385},
  timestamp    = {Wed, 25 Jan 2023 11:01:16 +0100},
  biburl       = {https://dblp.org/rec/journals/corr/HeZRS15.bib},
  bibsource    = {dblp computer science bibliography, https://dblp.org}
}

@InProceedings{molo,
    author    = {Wang, Xiang and Zhang, Shiwei and Qing, Zhiwu and Gao, Changxin and Zhang, Yingya and Zhao, Deli and Sang, Nong},
    title     = {MoLo: Motion-Augmented Long-Short Contrastive Learning for Few-Shot Action Recognition},
    booktitle = {Proceedings of the IEEE/CVF Conference on Computer Vision and Pattern Recognition (CVPR)},
    month     = {June},
    year      = {2023},
    pages     = {18011-18021}
}

@inproceedings{hico-det,
  author       = {Bingjie Xu and
                  Yongkang Wong and
                  Junnan Li and
                  Qi Zhao and
                  Mohan S. Kankanhalli},
  title        = {Learning to Detect Human-Object Interactions With Knowledge},
  booktitle    = {{IEEE} Conference on Computer Vision and Pattern Recognition, {CVPR}
                  2019, Long Beach, CA, USA, June 16-20, 2019},
  pages        = {2019--2028},
  publisher    = {Computer Vision Foundation / {IEEE}},
  year         = {2019},
  url          = {http://openaccess.thecvf.com/content\_CVPR\_2019/html/Xu\_Learning\_to\_Detect\_Human-Object\_Interactions\_With\_Knowledge\_CVPR\_2019\_paper.html},
  doi          = {10.1109/CVPR.2019.00212},
  timestamp    = {Mon, 30 Aug 2021 17:01:14 +0200},
  biburl       = {https://dblp.org/rec/conf/cvpr/XuWLZK19.bib},
  bibsource    = {dblp computer science bibliography, https://dblp.org}
}

@article{vcoco,
  title={Visual Semantic Role Labeling},
  author={Gupta, Saurabh and Malik, Jitendra},
  journal={arXiv preprint arXiv:1505.04474},
  year={2015}
}